@article{Hollingsworth,
author = {Hollingsworth, Jack},
title = {Automatic Graders for Programming Classes},
year = {1960},
publisher = {Association for Computing Machinery},
address = {New York, NY, USA},
volume = {3},
number = {10},
issn = {0001-0782},
url = {https://doi.org/10.1145/367415.367422},
doi = {10.1145/367415.367422},
journal = {Commun. ACM},
month = {10},
pages = {528–529},
numpages = {2}
}

@online{blackboard,
  author       = "Blackboard",
  title        = "Educational Technology Services | Blackboard | North America",
  year         = "2023",
  url          = "https://www.blackboard.com/",
  note         = "Accessed on September 6, 2023",
}

@online{opal,
  author       = "BPS GmbH",
  title        = "OPAL LERNPLATTFORM",
  year         = "2023",
  url          = "https://www.bps-system.de/opal-lernplattform/",
  note         = "Accessed on September 6, 2023",
}

@online{moodle,
  author       = "Moodle",
  title        = "Moodle LMS - Moodle-Lernplattform",
  year         = "2023",
  url          = "https://moodle.de/",
  note         = "Accessed on September 6, 2023",
}

@online{jack,
  author       = "Mschypula, M. Striewe, Bzurmaar",
  title        = "JACK - WIKI",
  year         = "2023",
  url          = "https://wiki.uni-due.de/jack/index.php?title=Hauptseite",
  note         = "Accessed on September 6, 2023",
}

@online{bouml,
  author       = "Bruno Pagès",
  title        = "BOUML",
  year         = "2021",
  url          = "https://www.bouml.fr/index.html",
}

@online{sim,
  author       = "Ing. Dusan Rodina",
  title        = "Software Ideas Modeller",
  year         = "2023",
  url          = "https://www.softwareideas.net/",
}

@online{xmi,
  author       = "OMG. MOF 2.0",
  title        = "XML Metadata Interchange (XMI)",
  year         = "2007",
  url          = "http://www.omg.org/spec/XMI/2.1.1/.",
}

@online{planttext,
  author       = "Arnaud Roques",
  title        = "PlantText",
  year         = "2023",
  url          = "https://blog.planttext.com/about/",
}

@online{enterarch,
  author       = "Sparxsystems",
  title        = "Enterprise Architect",
  year         = "2023",
  url          = "https://www.sparxsystems.de/",
}

@online{astah,
  author       = "Astah",
  title        = "Astah UML",
  year         = "2023",
  url          = "https://astah.net/products/astah-uml/",
}

@online{magic,
  author       = "Dassault Systemes",
  title        = "Magicdraw",
  year         = "2023",
  url          = "https://www.3ds.com/products-services/catia/products/no-magic/magicdraw/",
}

@online{visual,
  author       = "Visual Paradigm",
  title        = "Visual Paradigm",
  year         = "2023",
  url          = "https://www.visual-paradigm.com/",
}

@online{umbrello,
  author       = "KDE e.V.",
  title        = "Umbrello UML",
  year         = "2023",
  url          = "https://uml.sourceforge.io/",
}

@online{draw,
  author       = "JGraph Ltd",
  title        = "Draw.io",
  year         = "2023",
  url          = "https://www.drawio.com/doc/",
}


@online{plantUML,
  author       = "Arnaud Roques",
  title        = "PlantUML",
  year         = "2023",
  url          = "https://plantuml.com/",
}

@online{plantUMLParser,
  title        = "PlantUML Parser",
  year         = "2023",
  url          = "https://www.npmjs.com/package/plantuml-parser",
}

@article{madanayake2017transforming,
  title={Transforming Simplified Requirement in to a UML Use Case },
  author={Madanayake, RS and Dias, GKA and Kodikara, Nihal D},
  journal={International Journal of Computer Science and Software Engineering},
  volume={6},
  number={3},
  pages={61},
  year={2017},
  publisher={Dorma Trading, Est. Publishing Manager}
}

@inproceedings{mazanec2012general,
  title={On General-purpose Textual Modeling Languages.},
  author={Mazanec, Martin and Macek, Ondrej},
  booktitle={Dateso},
  volume={12},
  pages={1--12},
  year={2012},
  organization={Citeseer}
}

@online{Node,
  author       = "OpenJS Foundation",
  title        = "Node.js",
  year         = "2023",
  url          = "https://nodejs.org/en",
}

@online{graphViz,
  author       = "Graphviz",
  title        = "GraphViz",
  year         = "2023",
  url          = "https://graphviz.org/",
}

@online{vue,
  author       = "Evan You",
  title        = "Vue.js",
  year         = "2023",
  url          = "https://vuejs.org/",
}

@phdthesis{wohlgethan2018supportingweb,
  title={Supportingweb development decisions by comparing three major javascript frameworks: Angular, react and vue. js},
  author={Wohlgethan, Eric},
  year={2018},
  school={Hochschule f{\"u}r Angewandte Wissenschaften Hamburg}
}

@article{eilers2008konzeption,
  title={Konzeption eines integrierbaren Systems zur computergest{\"u}tzten Lernfortschrittskontrolle},
  author={Eilers, Bj{\"o}rn and Gruttmann, Susanne and Kuchen, Herbert},
  journal={E-learning-management},
  pages={213--232},
  year={2008},
  publisher={Citeseer}
}

@phdthesis{gruttmann2009formatives,
  title={Formatives E-Assessment in der Hochschullehre: computerunterstützte Lernfortschrittskontrollen im Informatikstudium},
  author={Gruttmann, Susanne},
  year={2009},
  school={Zugl.: M{\"u}nster (Westfalen), Univ., Diss., 2010}
}

@article{review-e,
author = { Ulf   Stödberg },
title = {A research review of e-assessment},
journal = {Assessment \& Evaluation in Higher Education},
volume = {37},
number = {5},
pages = {591-604},
year  = {2012},
publisher = {Routledge},
doi = {10.1080/02602938.2011.557496},
URL = { https://doi.org/10.1080/02602938.2011.557496},
eprint = { https://doi.org/10.1080/02602938.2011.557496}
}

@article{alruwais2018advantages,
  title={Advantages and challenges of using e-assessment},
  author={Alruwais, Nuha and Wills, Gary and Wald, Mike},
  journal={International Journal of Information and Education Technology},
  volume={8},
  number={1},
  pages={34--37},
  year={2018}
}

@article{kocdar2018cheating,
  title={Cheating and plagiarism in e-assessment: Students' perspectives},
  author={Kocdar, Serpil and Karadeniz, Abdulkadir and Peytcheva-Forsyth, Roumiana and Stoeva, Vessela},
  journal={Open Praxis},
  volume={10},
  number={3},
  pages={221--235},
  year={2018}
}

@article{azevedo2019assessment,
  title={E-assessment and multiple-choice questions: a literature review},
  author={Azevedo, Jos{\'e} and Oliveira, Ema Patr{\'\i}cia and Beites, Patr{\'\i}cia Damas},
  journal={Handbook of Research on E-Assessment in Higher Education},
  pages={1--27},
  year={2019},
  publisher={IGI Global}
}

@article{khdour2020semantic,
  title={A semantic assessment framework for e-learning systems},
  author={Khdour, Thair},
  journal={International Journal of Knowledge and Learning},
  volume={13},
  number={2},
  pages={110--122},
  year={2020},
  publisher={Inderscience Publishers (IEL)}
}


@article{ullrich2021automated,
  title={Automated assessment of conceptual models in education},
  author={Ullrich, Meike and Houy, C and Stottrop, T and Striewe, M and Willems, B and Fettke, P and Loos, P and Oberweis, A},
  journal={Manuskript unter Begutachtung},
  year={2021}
}

@book{abramowicz2013business,
  title={Business Information Systems: 16th International Conference, BIS 2013, Pozna{\'n}, Poland, June 19-21, 2013, Proceedings},
  author={Abramowicz, Witold},
  volume={157},
  year={2013},
  publisher={Springer}
}

@article{moody2009physics,
  title={The “physics” of notations: toward a scientific basis for constructing visual notations in software engineering},
  author={Moody, Daniel},
  journal={IEEE Transactions on software engineering},
  volume={35},
  number={6},
  pages={756--779},
  year={2009},
  publisher={IEEE}
}

@ARTICLE{UML-History,
  author={Booch, Grady},
  journal={IEEE Software}, 
  title={The History of Software Engineering}, 
  year={2018},
  volume={35},
  number={5},
  pages={108-114},
  doi={10.1109/MS.2018.3571234}}

@article{valenti2003overview,
  title={An overview of current research on automated essay grading},
  author={Valenti, Salvatore and Neri, Francesca and Cucchiarelli, Alessandro},
  journal={Journal of Information Technology Education: Research},
  volume={2},
  number={1},
  pages={319--330},
  year={2003},
  publisher={Informing Science Institute}
}

@article{gross2012feedback,
  title={Feedback provision strategies in intelligent tutoring systems based on clustered solution spaces},
  author={Gross, Sebastian and Mokbel, Bassam and Hammer, Barbara and Pinkwart, Niels},
  year={2012},
  publisher={Gesellschaft f{\"u}r Informatik eV}
}

@inproceedings{sousa2015structural,
  title={A structural approach to assess graph-based exercises},
  author={Sousa, R{\'u}ben and Leal, Jos{\'e} Paulo},
  booktitle={Languages, Applications and Technologies: 4th International Symposium, SLATE 2015, Madrid, Spain, June 18-19, 2015, Revised Selected Papers 4},
  pages={182--193},
  year={2015},
  organization={Springer}
}

@article{fauzan2021different,
  title={A different approach on automated use case diagram semantic assessment},
  author={Fauzan, Reza and Siahaan, Daniel and Rochimah, Siti and Triandini, Evi},
  journal={International Journal of Intelligent Engineering and Systems},
  year={2021}
}

@inproceedings{striewe2011automated,
  title={Automated checks on UML diagrams},
  author={Striewe, Michael and Goedicke, Michael},
  booktitle={Proceedings of the 16th annual joint conference on Innovation and technology in computer science education},
  pages={38--42},
  year={2011}
}

@inproceedings{holland2011effects,
  title={The effects of domain and collaboration feedback on learning in a collaborative intelligent tutoring system},
  author={Holland, Jay and Baghaei, Nilufar and Mathews, Moffat and Mitrovic, Antonija},
  booktitle={International Conference on Artificial Intelligence in Education},
  pages={469--471},
  year={2011},
  organization={Springer}
}

@inproceedings{boubekeur2020automatic,
  title={Automatic assessment of students' software models using a simple heuristic and machine learning},
  author={Boubekeur, Younes and Mussbacher, Gunter and McIntosh, Shane},
  booktitle={Proceedings of the 23rd ACM/IEEE International Conference on Model Driven Engineering Languages and Systems: Companion Proceedings},
  pages={1--10},
  year={2020}
}

@article{striewe2014automated,
  title={Automated Assessment of Software Artefacts-A Use Case in E-Assessment},
  author={Striewe, Michael},
  journal={University of Duisburg-Essen},
  year={2014}
}

@INPROCEEDINGS{aufwendig,
  author={Jayawardena, R.R.A.M. P. and Thiwanthi, G.A. D. and Suriyaarachchi, P. S. and Withana, K. I. and Jayawardena, C.},
  booktitle={2018 IEEE International Conference on Information and Automation for Sustainability (ICIAfS)}, 
  title={Automated Exam Paper Marking System for Structured Questions and Block Diagrams}, 
  year={2018},
  volume={},
  number={},
  pages={1-5},
  doi={10.1109/ICIAFS.2018.8913351}}

@article{anas2021new,
  title={New method for summative evaluation of UML class diagrams based on graph similarities},
  author={Anas, Outair and Mariam, Tanana and Abdelouahid, Lyhyaoui},
  journal={International Journal of Electrical and Computer Engineering},
  volume={11},
  number={2},
  pages={1578--1590},
  year={2021},
  publisher={IAES Institute of Advanced Engineering and Science}
}

@inproceedings{reggio2013used,
  title={What are the used UML diagrams? A Preliminary Survey.},
  author={Reggio, Gianna and Leotta, Maurizio and Ricca, Filippo and Clerissi, Diego},
  booktitle={EESSMod@ MoDELS},
  pages={3--12},
  year={2013}
}

@inproceedings{skogan1999uml,
  title={UML as a schema language for XML based data interchange},
  author={Skogan, David},
  booktitle={Proceedings of the 2nd International Conference on The Unified Modeling Language (UML’99)},
  year={1999},
  organization={Citeseer}
}

@inproceedings{suzuki1998making,
  title={Making UML models interoperable with UXF},
  author={Suzuki, Junichi and Yamamoto, Yoshikazu},
  booktitle={International Conference on the Unified Modeling Language},
  pages={78--91},
  year={1998},
  organization={Springer}
}

@article{benson2021uml,
  title={UML, XML and JSON},
  author={Benson, Tim and Grieve, Grahame and Benson, Tim and Grieve, Grahame},
  journal={Principles of Health Interoperability: FHIR, HL7 and SNOMED CT},
  pages={399--426},
  year={2021},
  publisher={Springer}
}

@article{kollmann2007automation,
  title={Automation of java code analysis for programming exercises},
  author={K{\"o}llmann, Carsten and Goedicke, Michael},
  journal={Electronic Communications of the EASST},
  volume={1},
  year={2007}
}

@article{auxepaules2015diagram,
  title={Diagram, a Learning Environment for Initiation to Object-Oriented Modelling with UML Class Diagrams},
  author={Auxepaules, Ludovic and Alonso, Mathilde and Alonso, Mathilde and Auxepaules, Ludovic and Py, Dominique and Py, Dominique},
  year={2015},
  publisher={ATIEF}
}

@inproceedings{fauzan2018class,
  title={Class diagram similarity measurement: a different approach},
  author={Fauzan, Reza and Siahaan, Daniel and Rochimah, Siti and Triandini, Evi},
  booktitle={2018 3rd International Conference on Information Technology, Information System and Electrical Engineering (ICITISEE)},
  pages={215--219},
  year={2018},
  organization={IEEE}
}

@article{outair2017towards,
  title={TOWARDS AN AUTOMATIC EVALUATION OF UML CLASS DIAGRAMS BY MEASURING GRAPH SIMILARITY.},
  author={Outair, Anas and Tanana, Mariam and Lyhyaoui, Abdelouahid},
  journal={Journal of Theoretical \& Applied Information Technology},
  volume={95},
  number={4},
  year={2017}
}

@inproceedings{huyck1993efficient,
  title={Efficient heuristic natural language parsing},
  author={Huyck, Christian R and Lytinen, Steven L},
  booktitle={Proceedings of the eleventh national conference on Artificial intelligence},
  pages={386--391},
  year={1993}
}

@inproceedings{sturm2002generating,
  title={Generating code from UML with velocity templates},
  author={Sturm, Thorsten and von Voss, Jesco and Boger, Marko},
  booktitle={International Conference on the Unified Modeling Language},
  pages={150--161},
  year={2002},
  organization={Springer}
}

@INPROCEEDINGS{ml,
  author={Jayawardena, R.R.A.M. P. and Thiwanthi, G.A. D. and Suriyaarachchi, P. S. and Withana, K. I. and Jayawardena, C.},
  booktitle={2018 IEEE International Conference on Information and Automation for Sustainability (ICIAfS)}, 
  title={Automated Exam Paper Marking System for Structured Questions and Block Diagrams}, 
  year={2018},
  volume={},
  number={},
  pages={1-5},
  doi={10.1109/ICIAFS.2018.8913351}}

@article{gregersen1999temporal,
  title={Temporal entity-relationship models-a survey},
  author={Gregersen, Heidi and Jensen, Christian S},
  journal={IEEE Transactions on knowledge and data engineering},
  volume={11},
  number={3},
  pages={464--497},
  year={1999},
  publisher={IEEE}
}

@incollection{li2009data,
  title={Data flow diagram},
  author={Li, Qing and Chen, Yu-Liu},
  booktitle={Modeling and Analysis of Enterprise and Information Systems},
  pages={85--97},
  year={2009},
  publisher={Springer}
}

@article{white2004introduction,
  title={Introduction to BPMN},
  author={White, Stephen A},
  journal={Ibm Cooperation},
  year={2004}
}

@article{petri2008petri,
  title={Petri net},
  author={Petri, Carl Adam and Reisig, Wolfgang},
  journal={Scholarpedia},
  volume={3},
  number={4},
  pages={6477},
  year={2008}
}

@article{chowdhary2020natural,
  title={Natural language processing},
  author={Chowdhary, KR1442 and Chowdhary, KR},
  journal={Fundamentals of artificial intelligence},
  pages={603--649},
  year={2020},
  publisher={Springer}
}

@inproceedings{washizaki2010tcd,
  title={TCD: A text-based UML class diagram notation and its model converters},
  author={Washizaki, Hironori and Akimoto, Masayoshi and Hasebe, Atsushi and Kubo, Atsuto and Fukazawa, Yoshiaki},
  booktitle={Advances in Software Engineering: International Conference, ASEA 2010, Held as Part of the Future Generation Information Technology Conference, FGIT 2010, Jeju Island, Korea, December 13-15, 2010. Proceedings},
  pages={296--302},
  year={2010},
  organization={Springer}
}

@misc{guntupalli2008user,
  title={User interface design: methods and qualities of a good user interface design},
  author={Guntupalli, Ravi Chandra Chaitanya},
  year={2008}
}